@article{einstein,
    author = "Albert Einstein",
    title = "{Zur Elektrodynamik bewegter K{\"o}rper}. ({German})
    [{On} the electrodynamics of moving bodies]",
    journal = "Annalen der Physik",
    volume = "322",
    number = "10",
    pages = "891--921",
    year = "1905",
    DOI = "http://dx.doi.org/10.1002/andp.19053221004",
    keywords = "physics"
}
@article{Fognini18,
author = "A. Fognini and A. Ahmadi and S. J. Daley and M. E. Reimer and V. Zwiller",
journal = "Opt. Express",
number = "19",
pages = "24487--24496",
publisher = "Optica Publishing Group", 
title = "Universal fine-structure eraser for quantum dots",
volume = "26",
month = "Sep",
year = "2018",
url = "https://opg.optica.org/oe/abstract.cfm?URI=oe-26-19-24487",
}


